@book{berg2012jenkins,
	title={Jenkins Continuous Integration Cookbook},
	author={Berg, Alan},
	year={2012},
	publisher={Packt Publishing Ltd}
}

@book{bharathan2015apache,
	title={Apache Maven Cookbook},
	author={Bharathan, Raghuram},
	year={2015},
	publisher={Packt Publishing Ltd}
}

@misc{mysql2005mysql,
  title={MySQL: the worldâ€™s most popular open source database},
  author={MySQL, AB},
  year={2005}
}